% Encoding: UTF-8

@Misc{Spiel-Engine,
  author = {Wikipedia},
  title  = {Spiel-Engine --- Wikipedia{,} Die freie Enzyklopädie},
  year   = {2018},
  note   = {[Online; Stand 22. Juni 2018]},
  url    = {https://de.wikipedia.org/w/index.php?title=Spiel-Engine&oldid=173243484},
}

@Book{SystemplanungundProjektmanagement-Lehrbuch,
  title     = {Systemplanung und Projektentwicklung - Projektentmanagement und Software - Entwicklung},
  publisher = {Manz Verlag Schulbuch},
  year      = {2013},
  author    = {Schwab, Felix},
  address   = {Wien},
  isbn      = {978-3-706-84352-2},
}

@Misc{Unity-Engine,
  author = {Wikipedia},
  title  = {Unity (Spiel-Engine) --- Wikipedia{,} Die freie Enzyklopädie},
  year   = {2018},
  note   = {[Online; Stand 23. Juni 2018]},
  url    = {https://de.wikipedia.org/w/index.php?title=Unity_(Spiel-Engine)&oldid=178184986},
}

@Misc{Latex,
  author = {Wikipedia},
  title  = {LaTeX --- Wikipedia{,} Die freie Enzyklopädie},
  year   = {2018},
  note   = {[Online; Stand 23. Juni 2018]},
  url    = {https://de.wikipedia.org/w/index.php?title=LaTeX&oldid=178471003},
}

@Comment{jabref-meta: databaseType:bibtex;}
